PDG 
@article{pdg,
      author         = "Patrignani, C. and others",
      title          = "{Review of Particle Physics}",
      collaboration  = "Particle Data Group",
      journal        = "Chin. Phys.",
      volume         = "C40",
      year           = "2016",
      number         = "10",
      pages          = "100001",
      doi            = "10.1088/1674-1137/40/10/100001",
      SLACcitation   = "%%CITATION = CHPHD,C40,100001;%%"
}

@article{pdg_eta,
      author         = "K.A. Olive et al. ",
      title          = "{Review of Particle Physics}",
      collaboration  = "Particle Data Group",
      journal        = "Chin. Phys. ",
      volume         = "C38",
      year           = "2014",
      pages          = "090001",
}
@article{trento,
      author         = "Bacchetta, Alessandro and D'Alesio, Umberto and Diehl,
                        Markus and Miller, C. Andy",
      title          = "{Single-spin asymmetries: The Trento conventions}",
      journal        = "Phys. Rev.",
      volume         = "D70",
      year           = "2004",
      pages          = "117504",
      doi            = "10.1103/PhysRevD.70.117504",
      eprint         = "hep-ph/0410050",
      archivePrefix  = "arXiv",
      primaryClass   = "hep-ph",
      reportNumber   = "DESY-04-193",
      SLACcitation   = "%%CITATION = HEP-PH/0410050;%%"
}

##    Partonic Structure ################################################
@article{ji,
  author         = "Ji, Chueng-Ryong and Choi, Ho-Meoyng and Lundeen, Andrew and Bakker, Bernard L. G.",
  title          = "{Single Spin Asymmetry in Electroproduction of Scalar or Pseudoscalar Meson Production off the Scalar Target}",
  year           = "2018",
  eprint         = "1806.01379",
  archivePrefix  = "arXiv",
  primaryClass   = "nucl-th",
  SLACcitation   = "%%CITATION = ARXIV:1806.01379;%%",
  url            = {{https://arxiv.org/abs/1806.01379v1}},
}
  journal        = {" "}


@article{demasi,
  title = {Measurement of $ep\rightarrow ep\pi^0$ Beam Spin Asymmetries above the Resonance Region
  },
  author = {Masi, R. De},  
  collaboration = {CLAS Collaboration},
  journal = {Phys. Rev. C},
  volume = {77},
  issue = {4},
  pages = {042201},
  numpages = {5},
  year = {2008},
  month = {Apr},
  publisher = {American Physical Society},
  doi = {10.1103/PhysRevC.77.042201},
  url = {https://link.aps.org/doi/10.1103/PhysRevC.77.042201}
}


@article{bedlinskiy,
  author         = "Bedlinskiy, I. and others",
  title          = "{{Exclusive ${\pi}^0$ Electroproduction at $W>2$ GeV with
                    CLAS}}",
  collaboration  = "CLAS",
  journal        = "Phys. Rev.",
  volume         = "C90",
  year           = "2014",
  number         = "2",
  pages          = "025205",
  doi            = "10.1103/PhysRevC.90.039901, 10.1103/PhysRevC.90.025205",
  note           = "[Addendum: Phys. Rev.C90,no.3,039901(2014)]",
  eprint         = "1405.0988",
  archivePrefix  = "arXiv",
  primaryClass   = "nucl-ex",
  reportNumber   = "JLAB-PHY-14-1871",
  SLACcitation   = "%%CITATION = ARXIV:1405.0988;%%"
}


@article{riordan,
  author    = "Michael Riordan",
  title     = {{The Discovery of Quarks}},
  journal   = {Science},
  volume    = 256,
  month     = {May},
  year      = 1992,
  url       = {http://science.sciencemag.org/content/sci/256/5061/1287.full.pdf},
  doi       = {10.1126/science.256.5061.1287}
}

@article{gellmann,
  author         = "Gell-Mann, Murray",
  title          = "{A Schematic Model of Baryons and Mesons}",
  journal        = "Phys. Lett.",
  volume         = "8",
  year           = "1964",
  pages          = "214-215",
  doi            = "10.1016/S0031-9163(64)92001-3"
}
  %SLACcitation   = "%%CITATION = PHLTA,8,214;%%"

@incollection{zweig,
  author         = "Zweig, G.",
  title          = "{An SU(3) model for strong interaction symmetry and its breaking. Version 2}",
  editor         = "Lichtenberg, D.B. and Rosen, Simon Peter",
  booktitle      = "DEVELOPMENTS IN THE QUARK THEORY OF HADRONS. VOL. 1. 1964 - 1978",
  url            = "http://inspirehep.net/record/4674/files/cern-th-412.pdf",
  journal        = "Developments in the Quark Theory of Hadrons, Volume 1.  Edited by D. Lichtenberg and S. Rosen. pp. 22-101",
  pages          = "22-101",
  year           = "1964",
  reportNumber   = "CERN-TH-412, NP-14146, PRINT-64-170",
}
  %volume         = 1
  %SLACcitation   = "%%CITATION = CERN-TH-412;%%"

@article{feynman,
  title = {Very High-Energy Collisions of Hadrons},
  author = {Feynman, Richard P.},
  journal = {Phys. Rev. Lett.},
  volume = {23},
  issue = {24},
  pages = {1415--1417},
  numpages = {0},
  year = {1969},
  month = {Dec},
  publisher = {American Physical Society},
  doi = {10.1103/PhysRevLett.23.1415},
  url = {https://link.aps.org/doi/10.1103/PhysRevLett.23.1415}
}

@article{hofstadter_61,
  author    = "Robert Hofstadter",
  title     = {{The Electron-Scattering Method and its Application to the Structure of Nuclei and Nucleons}},
  journal   = {Nobel Lecture},
  month     = {December},
  year      = 1961,
  url       = {https://www.nobelprize.org/nobel_prizes/physics/laureates/1961/hofstadter-lecture.pdf}
}

@article{hofstadter_55,
  author    = "Robert Hofstadter and Robert McAllister",
  title     = {{Electron Scattering from the Proton}},
  journal   = {Phys. Rev},
  month     = {April},
  year      = 1955,
  doi       = {https://doi.org/10.1103/PhysRev.98.217}
}

@article{friedman,
  author    = "Jerome I. Friedman and Henry W. Kendall",
  title     = {{Deep Inelastic Electron Scattering}},
  journal   = {Annual Review of Nuclear Science},
  volume    = 22,
  month     = {April},
  year      = 1972,
  url       = {http://www.annualreviews.org/doi/pdf/10.1146/annurev.ns.22.120172.001223}
}

@article{collins_dvmp,
      author         = "Collins, John C. and Frankfurt, Leonid and Strikman,
                        Mark",
      title          = "{Factorization for hard exclusive electroproduction of
                        mesons in QCD}",
      journal        = "Phys. Rev.",
      volume         = "D56",
      year           = "1997",
      pages          = "2982-3006",
      doi            = "10.1103/PhysRevD.56.2982",
      eprint         = "hep-ph/9611433",
      archivePrefix  = "arXiv",
      primaryClass   = "hep-ph",
      reportNumber   = "CERN-TH-96-314, PSU-TH-168",
      SLACcitation   = "%%CITATION = HEP-PH/9611433;%%"
}
@article{collins,
  author         = "Collins, John C. and Freund, Andreas",
  title          = {{Proof of Factorization for Deeply Virtual Compton Scattering in QCD}},
  journal        = "Phys. Rev.",
  volume         = "D59",
  year           = "1999",
  pages          = "074009",
  doi            = "10.1103/PhysRevD.59.074009",
  eprint         = "hep-ph/9801262",
  archivePrefix  = "arXiv",
  primaryClass   = "hep-ph",
  reportNumber   = "PSU-TH-192",
  SLACcitation   = "%%CITATION = HEP-PH/9801262;%%"
}

@article{lorce,
  author         = "Lorc\'e, Cedric and Pasquini, Barbara and Vanderhaeghen, Marc",
  title          = "{Unified framework for generalized and transverse-momentum dependent parton distributions within a 3Q light-cone picture of the nucleon}",
  journal        = "JHEP",
  volume         = "05",
  year           = "2011",
  pages          = "041",
  doi            = "10.1007/JHEP05(2011)041",
  eprint         = "1102.4704",
  archivePrefix  = "arXiv",
  primaryClass   = "hep-ph",
  SLACcitation   = "%%CITATION = ARXIV:1102.4704;%%"
}

@article{kanazawa,
  author         = "Kanazawa, K. and Lorc\'e, C. and Metz, A. and Pasquini, B.  and Schlegel, M.",
  title          = "{Twist-2 generalized transverse-momentum dependent parton distributions and the spin/orbital structure of the nucleon}",
  journal        = "Phys. Rev.",
  volume         = "D90",
  year           = "2014",
  number         = "1",
  pages          = "014028",
  doi            = "10.1103/PhysRevD.90.014028",
  eprint         = "1403.5226",
  archivePrefix  = "arXiv",
  primaryClass   = "hep-ph",
  SLACcitation   = "%%CITATION = ARXIV:1403.5226;%%"
}

@article{meissner,
  author         = "Meissner, Stephan and Metz, Andreas and Schlegel, Marc and Goeke, Klaus",
  title          = "{Generalized parton correlation functions for a spin-0 hadron}",
  journal        = "JHEP",
  volume         = "08",
  year           = "2008",
  pages          = "038",
  doi            = "10.1088/1126-6708/2008/08/038",
  eprint         = "0805.3165",
  archivePrefix  = "arXiv",
  primaryClass   = "hep-ph",
  reportNumber   = "JLAB-THY-08-827",
  SLACcitation   = "%%CITATION = ARXIV:0805.3165;%%"
}
@article{kirchner,
  author         = "Kirchner, A. and Mueller, Dieter",
  title          = "{Deeply virtual Compton scattering off nuclei}",
  journal        = "Eur. Phys. J.",
  volume         = "C32",
  year           = "2003",
  pages          = "347-375",
  doi            = "10.1140/epjc/s2003-01415-x",
  eprint         = "hep-ph/0302007",
  archivePrefix  = "arXiv",
  primaryClass   = "hep-ph",
  SLACcitation   = "%%CITATION = HEP-PH/0302007;%%"
}
Response Functions
@article{rad_corr,
      author         = "Afanasev, Andrei V. and Konchatnij, M. I. and Merenkov,
                        N. P.",
      title          = "{Single-spin asymmetries in the Bethe-Heitler process e-
                        + p ---> e- + gamma + p from QED radiative corrections}",
      journal        = "J. Exp. Theor. Phys.",
      volume         = "102",
      year           = "2006",
      pages          = "220-233",
      doi            = "10.1134/S1063776106020038",
      eprint         = "hep-ph/0507059",
      archivePrefix  = "arXiv",
      primaryClass   = "hep-ph",
      reportNumber   = "JLAB-PHY-05-379",
      SLACcitation   = "%%CITATION = HEP-PH/0507059;%%"
}
@article{belitsky,
      author         = "Belitsky, A. V. and Radyushkin, A. V.",
      title          = "{Unraveling hadron structure with generalized parton
                        distributions}",
      journal        = "Phys. Rept.",
      volume         = "418",
      year           = "2005",
      pages          = "1-387",
      doi            = "10.1016/j.physrep.2005.06.002",
      eprint         = "hep-ph/0504030",
      archivePrefix  = "arXiv",
      primaryClass   = "hep-ph",
      reportNumber   = "JLAB-THY-04-34",
      SLACcitation   = "%%CITATION = HEP-PH/0504030;%%"
}
@article{raskin,
title = "Polarization in Coincidence Electron Scattering from Nuclei",
journal = "Annals of Physics",
volume = "191",
number = "1",
pages = "78 - 142",
year = "1989",
issn = "0003-4916",
doi = "https://doi.org/10.1016/0003-4916(89)90337-0",
url = "http://www.sciencedirect.com/science/article/pii/0003491689903370",
author = "A.S Raskin and T.W Donnelly"
}
@article{donnelly,
title = {Considerations of Polarization in Inclusive Electron Scattering from Nuclei},
journal = "Annals of Physics",
volume = "169",
number = "2",
pages = "247 - 351",
year = "1986",
issn = "0003-4916",
doi = "https://doi.org/10.1016/0003-4916(86)90173-9",
url = "http://www.sciencedirect.com/science/article/pii/0003491686901739",
author = "T.W Donnelly and A.S Raskin"
}
@article{ahmad,
  title = {Nucleon Tensor Charge from Exclusive ${\ensuremath{\pi}}^{0}$ Electroproduction},
  author = {Ahmad, Saeed and Goldstein, Gary R. and Liuti, Simonetta},
  journal = {Phys. Rev. D},
  volume = {79},
  issue = {5},
  pages = {054014},
  numpages = {19},
  year = {2009},
  month = {Mar},
  publisher = {American Physical Society},
  doi = {10.1103/PhysRevD.79.054014},
  url = {https://link.aps.org/doi/10.1103/PhysRevD.79.054014}
}
DIS 
@article{breidenbach,
  title = {Observed Behavior of Highly Inelastic Electron-Proton Scattering},
  author = {Breidenbach, M. and Friedman, J. I. and Kendall, H. W. and Bloom, E. D. and Coward, D. H. and DeStaebler, H. and Drees, J. and Mo, L. W. and Taylor, R. E.},
  journal = {Phys. Rev. Lett.},
  volume = {23},
  issue = {16},
  pages = {935--939},
  numpages = {0},
  year = {1969},
  month = {Oct},
  publisher = {American Physical Society},
  doi = {10.1103/PhysRevLett.23.935},
  url = {https://link.aps.org/doi/10.1103/PhysRevLett.23.935}
}
Impulse Approximation-> GPD from nucleon to nucleus
@article{Guzey:2003jh,
      author         = "Guzey, V. and Strikman, M.",
      title          = "{DVCS on spinless nuclear targets in impulse
                        approximation}",
      journal        = "Phys. Rev.",
      volume         = "C68",
      year           = "2003",
      pages          = "015204",
      doi            = "10.1103/PhysRevC.68.015204",
      eprint         = "hep-ph/0301216",
      archivePrefix  = "arXiv",
      primaryClass   = "hep-ph",
      reportNumber   = "RUB-TP2-19-03",
      SLACcitation   = "%%CITATION = HEP-PH/0301216;%%"
}
@article{Guzey:2008th,
      author         = "Guzey, V.",
      title          = "{Neutron contribution to nuclear DVCS asymmetries}",
      journal        = "Phys. Rev.",
      volume         = "C78",
      year           = "2008",
      pages          = "025211",
      doi            = "10.1103/PhysRevC.78.025211",
      eprint         = "0801.3235",
      archivePrefix  = "arXiv",
      primaryClass   = "nucl-th",
      reportNumber   = "JLAB-THY-08-767",
      SLACcitation   = "%%CITATION = ARXIV:0801.3235;%%"
}

##    Physics  ################################################

@book{leo,
  author    = "W. R. Leo",
  title     = {{Techniques for Nuclear and Particle Physics Experiments}},
  publisher = {Springer-Verlag},
  year      = 1994
}


##    Kinematic Fittings ################################################

@article{williams_03,
  author    = "Mike Williams and Curtis A. Meyer",
  title     = {{Kinematic Fitting in CLAS}},
  journal   = {CLAS Note},
  month     = {November},
  YEAR      = 2003,
  url       = {http://www.jlab.org/Hall-B/notes/clas_notes03/03-017.pdf},
}
  %volume = {20},
  %issue = {9},
  %pages = {093401},
  %numpages = {4},
  %year = {2011},
  %month = {Sep},
  %doi = {10.1088/1674-1056/20/9/093401},
  %url = {http://iopscience.iop.org/1674-1056/20/9/093401/},
  %publisher = {Chinese Physics B}

@article{williams_04,
  author    = "Mike Williams and Doug Applegate and Curtis A. Meyer",
  title     = {{Determining Momentum and Energy Corrections for g1c Using Kinematic Fitting}},
  journal   = {CLAS Note},
  month     = {June},
  year      = 2004,
  url       = {http://www.jlab.org/Hall-B/notes/clas_notes04/2004-017.pdf},
}

@article{keller,
  author    = "Dustin Keller",
  title     = {{Techniques in Kinematic Fitting}},
  journal   = {CLAS Note},
  month     = {November},
  year      = 2010,
  url       = {https://userweb.jlab.org/~dustin/software/notes/CLAS-note-2010-015.pdf},
}

@article{bauer,
  author    = "J. M. Bauer",
  title     = {{Kinematic Fit for the EMC Radiative Bhabha Calibration}},
  journal   = {BaBar Note},
  month     = {September},
  year      = 2000,
  url       = {www.phy.olemiss.edu/HEP/babar/BABARnotes/BaBar521.ps},
}


@article{mattione_17,
  title   = {{CLAS g13 Experiment Studies}},
  author  = {Paul T. Mattione and D. S. Carman},
  journal = {CLAS Note},
  year    = {2017},
}

@mastersthesis{mattione_07,
  title   = {{Kinematic Fitting of Detached Vertices}},
  author  = {Paul T. Mattione},
  year    = {2007},
  school  = {Rice University}
}

@article{dhondt,
  title   = {{Fitting of Event Topologies with External Kinematic Constraints in CMS}},
  author  = {J. D{'}Hondt and S. Lowette},
  journal = {CMS Note},
  year    = {2006},
  month   = {January},
}

@book{frodesen,
  author    = "A. G. Frodesen and O. Skjeggestad and H. Tofte",
  title     = {{Probability and Statistics in Particle Physics}},
  publisher = {Universitetsforlaget},
  year      = 1971
}

##    CLAS Analyses  ################################################

@phdthesis{hattawy_thesis,
  author    = "Mohammad Hattawy",
  title     = {{Deeply Virtual Compton Scattering Off$\phantom{2}^4$He}},
  month     = {September},
  year      = 2015,
  url       = {https://www.jlab.org/Hall-B/general/thesis/MHattawy_thesis.pdf},
  school    = {Institut de Physique Nucl\'eaire (IPN)}
}

@phdthesis{girod_thesis,
  author    = "F.X. Girod",
  title     = {{Deeply Virtual Compton Scattering (Beam Spin Asymmetries) for the study of Generalized Parton Distributions}},
  month     = {December},
  year      = 2006,
  url       = {http://www.jlab.org/Hall-B/general/thesis/FXGirod_thesis.pdf},
  school    = {Louis Pasteur University}
}

@phdthesis{baltzell_thesis,
  author    = "Nathan Baltzell",
  title     = {{A Search for the Exotic $\Theta^+$ Pentaquark in $\gamma d \rightarrow p p K^0 K^-$}},
  month     = {September},
  year      = 2001,
  url       = {https://www.jlab.org/Hall-B/general/thesis/Baltzell_thesis.pdf},
  school    = {University of South Carolina}
}

@article{hattawy,
  title  = {{First Exclusive Measurement of Deeply Virtual Compton Scattering off $^{4}\mathrm{He}$: Toward the 3D Tomography of Nuclei}},
  author = {Hattawy, M. and Baltzell, N. A. and Dupr\'e, R. },
  collaboration = {CLAS Collaboration},
  journal = {Phys. Rev. Lett.},
  volume = {119},
  issue = {20},
  pages = {202004},
  numpages = {7},
  year = {2017},
  month = {Nov},
  publisher = {American Physical Society},
  doi = {10.1103/PhysRevLett.119.202004},
  url = {https://link.aps.org/doi/10.1103/PhysRevLett.119.202004}
}
@article{hattawy_incoherent,
      author         = "Hattawy, M. and others",
      title          = "{Deeply Virtual Compton Scattering measurement off bound
                        protons}",
      collaboration  = "CLAS",
      year           = "2018",
      eprint         = "1812.07628",
      archivePrefix  = "arXiv",
      primaryClass   = "nucl-ex",
      reportNumber   = "JLAB-PHY-19-2819",
      SLACcitation   = "%%CITATION = ARXIV:1812.07628;%%"
}
and Hafidi, K. and Stepanyan, S. and B\"ultmann, S. and De Vita, R. and El Alaoui, A. and El Fassi, L. and Egiyan, H. and Girod, F. X. and Guidal, M. and Jenkins, D. and Liuti, S. and Perrin, Y. and Torayev, B. and Voutier, E. and Adhikari, K. P. and Adhikari, S. and Adikaram, D. and Akbar, Z. and Amaryan, M. J. and Anefalos Pereira, S. and Armstrong, Whitney R. and Avakian, H. and Ball, J. and Bashkanov, M. and Battaglieri, M. and Batourine, V. and Bedlinskiy, I. and Biselli, A. S. and Boiarinov, S. and Briscoe, W. J. and Brooks, W. K. and Burkert, V. D. and Thanh Cao, Frank and Carman, D. S. and Celentano, A. and Charles, G. and Chetry, T. and Ciullo, G. and Clark, L. and Colaneri, L. and Cole, P. L. and Contalbrigo, M. and Cortes, O. and Crede, V. and D'Angelo, A. and Dashyan, N. and De Sanctis, E. and Deur, A. and Djalali, C. and Elouadrhiri, L. and Eugenio, P. and Fedotov, G. and Fegan, S. and Fersch, R. and Filippi, A. and Fleming, J. A. and Forest, T. A. and Fradi, A. and Gar\ifmmode \mbox{\c{c}}\else \c{c}\fi{}on, M. and Gevorgyan, N. and Ghandilyan, Y. and Gilfoyle, G. P. and Giovanetti, K. L. and Gleason, C. and Gohn, W. and Golovatch, E. and Gothe, R. W. and Griffioen, K. A. and Guo, L. and Hakobyan, H. and Hanretty, C. and Harrison, N. and Heddle, D. and Hicks, K. and Holtrop, M. and Hughes, S. M. and Ireland, D. G. and Ishkhanov, B. S. and Isupov, E. L. and Jiang, H. and Joo, K. and Joosten, S. and Keller, D. and Khachatryan, G. and Khachatryan, M. and Khandaker, M. and Kim, A. and Kim, W. and Klein, A. and Klein, F. J. and Kubarovsky, V. and Kuhn, S. E. and Kuleshov, S. V. and Lanza, L. and Lenisa, P. and Livingston, K. and Lu, H. Y. and MacGregor, I. J. D. and Markov, N. and Mayer, M. and McCracken, M. E. and McKinnon, B. and Meyer, C. A. and Meziani, Z. E. and Mineeva, T. and Mirazita, M. and Mokeev, V. and Montgomery, R. A. and Moutarde, H. and Movsisyan, A. and Munoz Camacho, C. and Nadel-Turonski, P. and Net, L. A. and Niccolai, S. and Niculescu, G. and Niculescu, I. and Osipenko, M. and Ostrovidov, A. I. and Paolone, M. and Paremuzyan, R. and Park, K. and Pasyuk, E. and Phelps, E. and Phelps, W. and Pisano, S. and Pogorelko, O. and Price, J. W. and Prok, Y. and Protopopescu, D. and Ripani, M. and Ritchie, B. G. and Rizzo, A. and Rosner, G. and Rossi, P. and Sabati\'e, F. and Salgado, C. and Schumacher, R. A. and Seder, E. and Sharabian, Y. G. and Simonyan, A. and Skorodumina, Iu. and Smith, G. D. and Sokhan, D. and Sparveris, N. and Strauch, S. and Taiuti, M. and Ungaro, M. and Voskanyan, H. and Walford, N. K. and Watts, D. P. and Wei, X. and Weinstein, L. B. and Wood, M. H. and Zachariou, N. and Zana, L. and Zhang, J. and Zhao, Z. W.


@article{cao,
  author    = "Frank Cao",
  title     = {{Kinematic Fitting On CLAS EG6: Exclusive Coherent $\pi^0$ Electroproduction Off $^4$He}},
  journal   = {CLAS Note},
  month     = {November},
  year      = 2018,
  url       = {https://misportal.jlab.org/ul/physics/hall-b/clas/viewFile.cfm/2018-002.pdf?documentId=779}
}

@phdthesis{torayev,
  author    = "Bayram Torayev",
  title     = {{Electroproduction of Neutral Pion Off $\phantom{2}^4$He}},
  journal   = {CLAS Note},
  month     = {December},
  year      = 2016,
  url       = {https://www.jlab.org/Hall-B/general/thesis/Torayev_thesis.pdf}
  school    = {Old Dominion University}
}


##    CLAS Detectors  ################################################
@article{polar,
  title = {Unique electron polarimeter analyzing power comparison and precision spin-based energy measurement},
  author = {Grames, J. M. and Sinclair, C. K. and Mitchell, J. and Chudakov, E. and Fenker, H. and Freyberger, A. and Higinbotham, D. W. and Poelker, M. and Steigerwald, M. and Tiefenback, M. and Cavata, C. and Escoffier, S. and Marie, F. and Pussieux, T. and Vernin, P. and Danagoulian, S. and Dharmawardane, V. and Fatemi, R. and Joo, K. and Zeier, M. and Gorbenko, V. and Nasseripour, R. and Raue, B. and Suleiman, R. and Zihlmann, B.},
  journal = {Phys. Rev. ST Accel. Beams},
  volume = {7},
  issue = {4},
  pages = {042802},
  numpages = {18},
  year = {2004},
  month = {Apr},
  publisher = {American Physical Society},
  doi = {10.1103/PhysRevSTAB.7.042802},
  url = {https://link.aps.org/doi/10.1103/PhysRevSTAB.7.042802}
}

CLAS
@article{mecking,
  author         = "Mecking, B. A. and others",
  title          = {{The CEBAF Large Acceptance Spectrometer (CLAS)}},
  collaboration  = "CLAS",
  journal        = "Nucl. Instrum. Meth.",
  volume         = "A503",
  year           = "2003",
  pages          = "513-553",
  doi            = "10.1016/S0168-9002(03)01001-5",
  reportNumber   = "JLAB-PHY-03-01",
  SLACcitation   = "%%CITATION = NUIMA,A503,513;%%"
}
CLAS Calibration
@article{baltzell_beam,
  author    = "Nathan Baltzell and Stepan Stepanyan",
  title     = {{Beam XY-Position at the Target for CLAS/EG6}},
  month     = {April},
  year      = 2013,
  reportNumber   = "007",
  journal   = {CLAS Note},
  url       = {https://misportal.jlab.org/ul/physics/hall-b/clas/viewFile.cfm/2013-007.pdf?documentId=705}
}

EC
@article{amarian,
  TITLE = {{The CLAS Forward Electromagnetic Calorimeter}},
  journal = "Nuclear Instruments and Methods in Physics Research Section A: Accelerators, Spectrometers, Detectors and Associated Equipment",
  volume = "460",
  number = "2",
  pages = "239 - 265",
  year = "2001",
  issn = "0168-9002",
  doi = "https://doi.org/10.1016/S0168-9002(00)00996-7",
  url = "http://www.sciencedirect.com/science/article/pii/S0168900200009967",
  author = "M. Amarian et al",
  keywords = "CLAS, Calorimeter, Calibration, Scintillator"
}
  author = "M. Amarian and G. Asryan and K. Beard and W. Brooks and V. Burkert and T. Carstens and A. Coleman and R. Demirchyan and Yu. Efremenko and H. Egiyan and K. Egiyan and H. Funsten and V. Gavrilov and K. Giovanetti and R.M. Marshall and B. Mecking and R.C. Minehart and H. Mkrtchan and M. Ohandjanyan and Yu. Sharabian and L.C. Smith and S. Stepanyan and W.A. Stephens and T.Y. Tung and C. Zorn",

DC
@article{mestayer,
  title = {{The CLAS Drift Chamber System}},
  journal = "Nuclear Instruments and Methods in Physics Research Section A: Accelerators, Spectrometers, Detectors and Associated Equipment",
  volume = "449",
  number = "1",
  pages = "81 - 111",
  year = "2000",
  issn = "0168-9002",
  doi = "https://doi.org/10.1016/S0168-9002(00)00151-0",
  url = "http://www.sciencedirect.com/science/article/pii/S0168900200001510",
  author = "M.D Mestayer et al",
  keywords = "CLAS, Drift chambers, Tracking system"
}
  author = "M.D Mestayer and D.S Carman and B Asavapibhop and F.J Barbosa and P Bonneau and S.B Christo and G.E Dodge and T Dooling and W.S Duncan and S.A Dytman and R Feuerbach and G.P Gilfoyle and V Gyurjyan and K.H Hicks and R.S Hicks and C.E Hyde-Wright and G Jacobs and A Klein and F.J Klein and M.V Kossov and S.E Kuhn and R.A Magahiz and R.W Major and C Martin and T McGuckin and J McNabb and R.A Miskimen and J.A Mueller and B.B Niczyporuk and J O'Meara and L.M Qin and B.A Raue and J Robb and F Roudot and R.A Schumacher and D.J Tedeschi and R.A Thompson and D Tilles and W Tuzel and K VanSyoc and M.F Vineyard and L.B Weinstein and G.R Wilkin and A Yegneswaran and J Yun",

IC
@phdthesis{jo,
  TITLE = {{Deeply Virtual Compton Scattering on the Nucleon with the CLAS Detector of Jefferson Lab : Measurement of the polarized and unpolarized Cross Sections}},
  AUTHOR = {Jo, Hyon-Suk},
  URL = {https://tel.archives-ouvertes.fr/tel-00192414},
  HAL_LOCAL_REFERENCE = {IPNO-T-07-05},
  SCHOOL = {{Universit{\'e} Paris Sud - Paris XI}},
  YEAR = {2007},
  MONTH = Mar,
  KEYWORDS = {Structure of the nucleon ; Electromagnetic probe ; Deeply Virtual Compton Scattering (DVCS) ; Generalized Parton Distributions (GPDs) ; CLAS detector ; Structure du nucl{\'e}on ; Sonde {\'e}lectromagn{\'e}tique ; Diffusion Compton Profond{\'e}ment Virtuelle (DVCS) ; Distributions de Partons G{\'e}n{\'e}ralis{\'e}es (GPDs) ; Jefferson Lab ; CEBAF ; D{\'e}tecteur CLAS ; Hall B},
  TYPE = {Theses},
  PDF = {https://tel.archives-ouvertes.fr/tel-00192414/file/these_h.s.jo.pdf},
  HAL_ID = {tel-00192414},
  HAL_VERSION = {v1},
}

@article{avakain,
  TITLE = {{Deeply Virtual Compton Scattering with CLAS at 6 GeV}},
  journal = "Research Proposal to Jefferson Lab PAC ",
  volume = "PAC 29 PR 06-003",
  year = "2005",
  url = "http://hallaweb.jlab.org/experiment/DVCS/dvcs.pdf",
  author = "H. Avakain et al",
  keywords = "CLAS, Inner Calorimeter, Photon"
}

@article{girod_note,
  author    = "F.X. Girod",
  title     = {{Simulation of CLAS/DVCS Inner Calorimeter: Optimization of Position Resolution, Edge Effects and Fiducial Cuts, Photon Energy Reconstruction, and Neutral Pions Events}},
  journal   = {CLAS Note},
  month     = {November},
  YEAR      = 2005,
  url       = {https://misportal.jlab.org/ul/physics/hall-b/clas/viewFile.cfm/2005-001.pdf?documentId=6},
}
H. Avakain et al., Deeply Virtual Compton Scattering with CLAS at 6 GeV, , PR 06-003, 2005.

@article{girod,
      author         = "Girod, F. X. and others",
      title          = "{Measurement of Deeply Virtual Compton Scattering
                        Beam-Spin Asymmetries}",
      collaboration  = "CLAS",
      journal        = "Phys. Rev. Lett.",
      volume         = "100",
      year           = "2008",
      pages          = "162002",
      doi            = "10.1103/PhysRevLett.100.162002",
      eprint         = "0711.4805",
      archivePrefix  = "arXiv",
      primaryClass   = "hep-ex",
      reportNumber   = "IRFU-08-24, JLAB-PHY-07-767",
      SLACcitation   = "%%CITATION = ARXIV:0711.4805;%%"
}

RTPC & IC
@article{hafidi,
  TITLE = {{Deeply Virtual Compton Scattering off $^4$He}},
  journal = "Research Proposal to Jefferson Lab PAC ",
  volume = "PAC 33 PR 08-024",
  year = "2007",
  url = "https://www.jlab.org/exp_prog/proposals/08/PR-08-024.pdf",
  author = "K. Hafidi et al",
  keywords = "CLAS, RTPC, Tracking system, Helium"
}
H. Avakain et al., Deeply Virtual Compton Scattering with CLAS at 6 GeV, , PR 06-003, 2005.
@misc{baltzell_sampfrac_corr,
  author = {Nathan Baltzell},
  title = {{EG6 EC Sampling Fraction Time Dependence Correction}},
  year = {2013},
  month= {August},
  Date = {9},
  url = {https://clasweb.jlab.org/rungroups/lowq/wiki/index.php/EG6_EC_Sampling_Fraction_Time-Dependence_Correction},
  note   = "\url{https://clasweb.jlab.org/rungroups/lowq/wiki/index.php/EG6_EC_Sampling_Fraction_Time-Dependence_Correction}",
  urldate = {{2013-09-07}}
}
H. Avakain et al., Deeply Virtual Compton Scattering with CLAS at 6 GeV, , PR 06-003, 2005.
@misc{baltzell_rtpc_corr,
  author = {Nathan Baltzell},
  title = {{RTPC Vertex and Angle Correction}},
  year = {2013},
  month= {August},
  Date = {7},
  url = {https://clasweb.jlab.org/rungroups/lowq/wiki/index.php/User:RTPC_Vertex_and_Angle_(Aug_7,_2013)},
  note   = "\url{https://clasweb.jlab.org/rungroups/lowq/wiki/index.php/User:RTPC_Vertex_and_Angle_(Aug_7,_2013)}",
  urldate = {{2013-08-07}}
}
